@INPROCEEDINGS{brown-et-al-sigcse2013,
  author =       {Neil Brown and Michael K\"{o}lling and Tom Crick and Simon {Peyton Jones} and Simon Humphreys and Sue Sentance},
  title =        {{Bringing Computer Science Back Into Schools: Lessons from the UK}},
  booktitle =    {{Proc. of SIGCSE 2013}},
  year =         {2013},
  OPTpublisher =    {ACM Press},
  pages =        {269--274}
}

@ARTICLE{brown-et-al-toce2014,
  author =      {Neil Brown and Sue Sentance and Tom Crick and Simon Humphreys},
  title =       {{Restart: The Resurgence of Computer Science in UK Schools}},
  journal =     {{ACM TOCE}},
  year =        {2014},
  volume =      {14},
  number =      {2},
  pages =       {1-22}
}

@INPROCEEDINGS{davenport-et-al:latice2016,
  author =       {James H. Davenport and Alan Hayes and Rachid Hourizi and Tom Crick},
  title =        {{Innovative Pedagogical Practices in the Craft of Computing}},
  booktitle =    {{Proceedings of 4th International Conference on Learning and Teaching in Computing and Engineering (LaTiCE)}},
  year = 	 {2016}
}

@InCollection{crick-et-al-hea:2015,
  author = 	 {Tom Crick and James H. Davenport and Alan Hayes},
  title = 	 {{Innovative Pedagogical Practices in the Craft of Computing}},
  publisher =    {{Higher Education Academy}},
  year = 	 {2015},
  series = 	 {{Innovative Pedagogies in the Disciplines}},
  month = 	 {August},
  note =         {\url{https://www.heacademy.ac.uk/innovative-pedagogical-practices-craft-computing}}
}

@Misc{guo:2014,
  author = 	 {Philip Guo},
  title = 	 {{Python is Now the Most Popular Introductory Teaching Language at Top U.S. Universities}},
  howpublished = {\url{http://cacm.acm.org/blogs/blog-cacm/176450-python-is-now-the-most-popular-introductory-teaching-language-at-top-us-universities}},
  month = 	 {July},
  year = 	 {2014}
}

@Article{gupta:2004,
  author = 	 {Diwaker Gupta},
  title = 	 {{What is a good first programming language?}},
  journal = 	 {Crossroads},
  year = 	 {2004},
  volume = 	 {10},
  number = 	 {4}
}

@Article{pears-et-al:2007,
  author = 	 {Arnold Pears and Stephen Seidman and Lauri Malmi and Linda Mannila and Elizabeth Adams and Jens Bennedsen and Marie Devlin and James Paterson},
  title = 	 {{A Survey of Literature on the Teaching of Introductory Programming}},
  journal = 	 {{ACM SIGCSE Bulletin}},
  year = 	 {2007},
  volume = 	 {39},
  number = 	 {4},
  pages = 	 {204-223}
}

@Article{dale:2006,
  author = 	 {Nell B. Dale},
  title = 	 {{Most difficult topics in CS1: results of an online survey of educators}},
  journal = 	 {{ACM SIGCSE Bulletin}},
  year = 	 {2006},
  volume = 	 {38},
  number = 	 {2},
  pages = 	 {49-53}
}

@Article{mccracken-et-al:2001,
  author = 	 {Michael McCracken and Vicki Almstrum and Danny Diaz and Mark Guzdial and Dianne Hagan and {Yifat Ben-David} Kolikant and Cary Laxer and Lynda Thomas and Ian Utting and Tadeusz Wilusz},
  title = 	 {{A multi-national, multi-institutional study of assessment of programming skills of first-year CS students}},
  journal = 	 {{ACM SIGCSE Bulletin}},
  year = 	 {2001},
  volume = 	 {33},
  number = 	 {4},
  pages = 	 {125-180}
}

@InProceedings{deraadt-et-al:2004,
  author = 	 {{Michael de} Raadt and Richard Watson and Mark Toleman},
  title = 	 {{Trends in introductory programming courses in Australian universities: languages, environments and pedagogy}},
  booktitle = {{Proceedings of the 6th Australasian Computing Education Conference (ACE'04)}},
  year = 	 {2004},
  pages = 	 {277-282}
}

@InProceedings{mason-et-al:2012,
  author = 	 {Raina Mason and Graham Cooper and {Michael de} Raadt},
  title = 	 {{Trends in introductory programming courses in Australian universities: languages, environments and pedagogy}},
  booktitle = {{Proceedings of the 14th Australasian Computing Education Conference (ACE'12)}},
  year = 	 {2012},
  pages = 	 {33-42}
}

@InProceedings{mason+cooper:2014,
  author = 	 {Raina Mason and Graham Cooper},
  title = 	 {{Introductory programming courses in Australia and New Zealand in 2013 -- trends and reasons}},
  booktitle = {{Proceedings of the 16th Australasian Computing Education Conference (ACE'14)}},
  year = 	 {2014},
  pages = 	 {139-147}
}

@Manual{qaacomp:2016,
  title = 	 {{Subject Benchmark Statement: Computing}},
  author = 	 {{QAA}},
  organization = {{Quality Assurance Agency}},
  month = 	 {February},
  year = 	 {2016}
}

@Manual{shadbolt:2016,
  title = 	 {{Computer science degree accreditation and graduate employability: Shadbolt review}},
  author = 	 {Nigel Shadbolt},
  organization = {{Department for Business, Innovation \& Skills, UK Government}},
  month = 	 {May},
  year = 	 {2016}
}

